@misc{django,
  title={Django - 
    The Web framework for perfectionists with deadlines | Django},
  url={https://www.djangoproject.com/},
  journal={The Web framework for perfectionists with deadlines | Django}}

@misc{docker,
  title={Docker - Protect your legacy, invest in your future},
  url={https://www.docker.com/},
  journal={Docker}}

@misc{gunicorn,
  title={Gunicorn - Python WSGI HTTP Server for UNIX},
  url={https://gunicorn.org/},
  journal={Gunicorn - Python WSGI HTTP Server for UNIX}}

@misc{nginx,
  title={nginx - High Performance Load Balancer, Web Server and Reverse Proxy},
  url={https://www.nginx.com/},
  journal={NGINX}}

@misc{postgresql,
  title={PostgreSQL - The World's Most Advanced Open Source Relational Database},
  url={https://www.postgresql.org/},
  journal={PostgreSQL: About}}
  
@misc{mysql,
  title={MySQL - The World's Most Popular Open Source Database},
  url={https://www.mysql.com/},
  journal={MySQL}}
